Record 1
LDR  02262nam  2200421Ia 45  
001  2766191
005  19860425151703.0
008  860425s1986    xx a          00010 eng d
035       $a (CStRLIN)12997013-B
040       $a CU-IT $c CU-IT
100  10   $a 0'Toole, Daniel E.
245  10   $a Monster transit in America.
300       $a 1 million p. : $b ill. ; $c 600 cm.
500       $a ITS MONO: OUTPUT  6 852 FIELDS FROM 6 HOLDING SEGMENTS.
500       $a ITS MONO: DROP INCOMING 000, 005, 852, & 9XX FIELDS.
500       $a ITS MONO: MOVE 910 TO 035.
500       $a ITS MONO: OCLC 901 $b IS < 8 CHARS.; LEFT PAD WITH ZEROES.
500       $a LOC CBTJ: 930 HAS > 1 $c; REMOVE SUBFLDS & CODES - OUTPUT IN 852 $j.
500       $a LOC CBTM: 930 HAS $a & $b; MOVE TO 852 $h AND $i.
500       $a LOC CBTP: 930 HAS $a ONLY; MOVE TO 852 $j.
500       $a LOC CBTR: 930 HAS $b ONLY; MOVE TO 852 $j.
500       $a LOC CBTZ: 930 HAS $c No Call Number - DON'T OUTPUT ANY CALL NUM IN 852
500       $a LOC CBTI: 930 HAS $c Call number not reported - DON'T OUTPUT  ANY CALL NUM IN 852
500       $a LOC CBTJ: MOVE 933 $a TO 852 $g.
500       $a LOC CBTJ: MOVE 1ST 963 TO 852 $p; DROP ALL OTHERS.
500       $a LOC CBTM: MOVE 2 928s TO 2 852 $k's.
500       $a LOC CBTM: MOVE 1ST 2 932s TO 2 852 $m's.
500       $a LOC CBTM: MOVE 'SHARED PURCHASE' 932 TO 852 $z.
500       $a LOC CBTP: 1ST 935 HAS IND2=0 MOVE TO 852 $z; 2ND HAS IND2=1 MOVE TO 852
500       $a LOC CBTR: MOVE 934 $a TO 852 $3.
650   0   $a Local transit $x Employees $x Training of.
852       $a CBT $b CBTJ $g At NRLF: copy 2. $j See Journal Area Stacks $p 7071234
852       $a CBT $b CBTM $h TL725.3.T7 $i F68 1987 $k Folio $k Godzilla $m Shelved out of reach of humans. $m On shelf unless in librarian's car. $z SHared PuRchase.
852       $a CBT $b CBTP $j Santos Coll. $z Bound by Martha Stewart with glue gun. $x Worms throughout. $x Not To Be Removed from Library.
852       $a CBT $b CBTR $j Box 919 $3 Library has: 1-78.
852       $a CBT $b CBTZ
852       $a CBT $b CBTI $g This is CBTI's 933 field. $k This is CBTI's 928 field. $m This is CBTI's 932 field. $p This is CBTI's 1st 963 field. $z This is CBTI's 935 field, ind2=0. $x This is CBTI's 935 field; ind2=1. $x This is CBTI's 935 field; ind2=blank $3 This is CBTI's 934 field.
901       $a CBT $b 00095216

Record 2
