LDR  01209cas  2200277 a 45  
001  955869
005  19930302145341.0
008  790823d19791980azuar     s  s0uuua0eng d
010       $a    82642525 
050  0    $a HE356.A7 $b A15
082       $a 388.1/09791
245  00   $a 5 year highway construction & airport development program.
260       $a Martian Dept. of Transportation
300       $a v. : $b ill. ; $c 22 x 28 cm.
310       $a Annual
362  1    $a Began with 1979.
500       $a ITS OCLC PE: CREATE 4 852 FIELDS.
500       $a ITS OCLC PE: MOVE 950s TO 852 $3's EXCEPT FOR LOC CBTM($a = Holdings not reported)
500   0   $a ITS OCLC PE: CHECK 852 $D & $O OUTPUT FROM 951 FIELDS.
500   0   $a LOC CBTR: 950 $a=holdings not reported; DO NOT CREATE 852$3.
650   0   $a Airports $z Mars $x Planning $x Periodicals.
852       $a CBT $b CBTJ $h HE28 $i .A62 $k quarto $m Not shelved to avoid overuse. $x Gift of Gab. $3 1979/80 $O 0
852       $a CBT $b CBTM $j 93 04 616 $m Shelving has collapsed. $z Library use only - if you can find it. $3 v.22-25 $D On order. $O 3
852       $a CBT $b CBTP $j CH191KL223 $x Helen Wellenmellon collection $3 1921- $D Currently received $O 4
852       $a CBT $b CBTR $j A414A K10 $D Not currently received. $O 5
901       $a CBT $b 05303702

Record 3
