LDR  01004nas  2200229Ia 45  
001  909894
005  19901219175354.0
008  901219d19861988cau x m       0uuua0eng d
040       $a CU-IT $c CU-IT
043       $a n-us-ca
245  00   $a 101 corridor study. $n Phase II, $p Technical memorandum / $c prepared by Barton-Aschman Associates, Inc.
260  00   $a [San Jose, Calif.] : $b Barton-Aschman Associates, $c 1986-1988.
300       $a 19 v. : $b ill. ; $c 28 cm.
362  0    $a No. 1 (July 1986)-no. 19 (Oct. 1988)
500       $a ITS OCLC PE: OUTPUT 3 852s FROM 3 LOCATION SEGMENTS.
500   0   $a ITS OCLC PE: CHECK 852 $D & $O OUTPUT FROM 951 FIELDS.
650   0   $a High occupancy vehicle lanes $z California $z Marin County $x Periodicals.
710  20   $a 101 Corridor Action Committee (Calif.)
852       $a CBT $b CBTJ $j RTS5020 .B382 $3 No. 1 (July 1986)-no. 19 (Oct. 1988) $D No longer published. $O x
852       $a CBT $b CBTP $h VX46420 $i .R898 $3 v.1-10, 23- $D Subscription cancelled. $O y
852       $a CBT $b CBTR $h JT12 $i .D33 $O 9
901       $a CBT $b 22877666

Record 4
