LDR  00678nam  2200205Ia 45  
001  9530214
005  19941013195238.0
008  941013s1994    cau           000 0 eng d
040       $a CU-IG $c CU-IG
043       $a n-us-ca
245  00   $a 3 strikes and you're out! : $b media kit.
260       $a Clovis, CA : $b 3 Strikes and You're Out Committee, $c [1994]
300       $a 1 portfolio ; $c 30 cm. + $e 2 videocassetts.
500       $a IGS OCLC MONO.
650   0   $a Sentences (Criminal procedure) $z California.
690       $a Proposition 184, November 1994.
710  2    $a 3 Strikes and You're Out Committee.
740  01   $a Three strikes and you're out.
852       $a CBG $b CBGA $j 94 00936 2pts.
901       $a CBG $b 31279626

Record 7
