LDR  00868cam  2200229Ia 45  
001  4443822
005  19880923185051.0
008  871019s1986    xx be        l00010 eng d
040       $a CU-IG $c CU-IG
043       $a n-us-ca
110  20   $a 3D/International.
245  10   $a Main-Pier redevelopment master plan, city of Huntington Beach, California.
260  0    $a [S.l.] : $b 3D/International, $c 1986.
300       $a 49, [4] p. : $b maps, plans ; $c 28 cm.
500       $a IGS OCLC MONO.
650   0   $a Central business districts $z California $z Huntington Beach $x Planning.
650   0   $a Waterfronts $z California $z Huntington Beach $x Planning.
650   0   $a City planning $z California $z Huntington Beach.
650   0   $a Urban renewal $z California $z Huntington Beach.
710  10   $a Huntington Beach Redevelopment Agency.
852       $a CBG $b CBGA $j 87 01833 $z This is a 935 field, 2nd ind=0
901       $a CBG $b 16868469

Record 8
