LDR  00527cas  2200133b  45  
001  801368
005  19890630000000.0
008  10je82           uu  p  igslf      eng  
245       $a 80 census of population and housing : supplementary report. Provisional estimates of social, economic and housing characteristics, PHC80-S1
260       $a Washington, D.C
265       $a U.S. Bureau of the Census
500       $a IGS OCLC PE
852       $a CBG $b CBGA $j A6859 $m Shelved near highway 61, revisted. $x Townhouses reported separately. $3 1, 1982-
901       $a CBG $b 84843232

Record 9
