LDR  00812cas  2200229Ia 45  
001  1788443
005  20000104174400.0
008  980813d19981998caubr p       0   a0eng d
040       $a CU-IG $c CU-IG
043       $a n-us-ca $a n-us---
245  00   $a 215 reporter.
246  30   $a Two fifteen reporter
260       $a Frazier Park, CA : $b Access Unlimited, $c 1998-1998.
300       $a v. : $b ill. ; $c 28 cm.
362  0    $a Vol. 1, no. 1 (Feb. 1998)-v. 1, no. 4 (July-Aug. 1998).
500       $a IGS OCLC PE
650   0   $a Marijuana $x Law and legislation $z California $x Periodicals.
650   0   $a Marijuana $x Law and legislation $z United States $x Periodicals.
650   0   $a Marijuana $x Therapeutic use $x Periodicals.
710  2    $a Access Unlimited (Organization)
852       $a CBG $b CBGS $j A9824 $3 1:1(Feb 1998)-1:4(July/Aug 1998).
901       $a CBG $b 39693985

Record 10
