LDR  01235nam  22003498a 45  
001  9092506
005  19940331142952.0
008  930824s1993    onc      b   f000 0 eng d
010       $a cn 93099625 
015       $a C93-99625-9
020       $a 0662208528
040       $a CaOODP $b eng $c NLC $d CU-WR
043       $a n-cn---
055   3   $a TD887*
082  0    $a 363.73/8 $2 20
086  1    $a DSS Cat. no. En40-215/19E
245  00   $a 1,1,2,2,-Tetrachloroethane / $c Government of Canada, Environment Canada, Health and Walfare Canada.
260       $a Ottawa : $b Environment Canada, $c c1993.
263       $a 9308
300       $a v, 26 p. ; $c 28 cm.
440   0   $a Priority substances list assessment report
500       $a WRCA OCLC MONO.
500       $a At head of title: Canadian Environmental Protection Act.
504       $a Includes bibliographical references.
650   0   $a Vinyl chloride $x Environmental aspects.
650   0   $a Ethylene dichloride $x Environmental aspects.
710  10   $a Canada. $b Environment Canada.
710  10   $a Canada. $b Health and Welfare Canada.
740  01   $a Priority substances list assessment report.
740  01   $a Canadian Environmental Protection Act.
852       $a WCA $b WCAA $j G110 N2 1,1,2,2- tetra- chloro- ethane
901       $a WCA $b 29030354

Record 11
