LDR  01153nam  22003258a 45  
001  9057779
005  19940310125553.0
008  931119s1993    onc      b   f000 0 eng d
010       $a cn 93099694 
015       $a C93-99694-1
020       $a 0662210727
040       $a CaOODP $b eng $c NLC $d CU-WR
055   3   $a TD427*
082  0    $a 363.73/84 $2 20
086  1    $a DSS Cat. no. En40-215/33E
245  00   $a 1,2-Dichlorobenzene / $c Government of Canada, Environment Canada, Health Canada.
260       $a Ottawa : $b Environment Canada, $c c1993.
263       $a 9310
440   0   $a Priority substances list assessment report
500       $a WRCA OCLC MONO
500       $a At head of title: Canadian Environmental Protection Act.
504       $a Includes bibliographical references.
650   0   $a Dichlorobenzene $x Environmental aspects.
650   0   $a Environmental monitoring $z Canada.
710  10   $a Canada. $b Environment Canada.
710  10   $a Canada. $b Health Canada.
740  01   $a Priority substances list assessment report.
740  01   $a Canadian environmental protection act.
852       $a WCA $b WCAA $j G110 N2 Di- chloro- benzene $3 Library has: entire series
901       $a WCA $b 29469085

Record 12
