LDR  01896cas  2200433   45  
001  369
005  20010510201510.0
008  751020d19711997cauar1    ab s0   a0eng  
010       $a    72627421
012       $a 3 $e n $i 8501 $j 0 $l 1
022  0    $a 0363-5732
030       $a AJEEDW
040       $a DLC $c SUL $d NSD $d DLC $d OCoLC $d DLC $d NSD $d AIP $d NST $d NSD $d HUL $d NST $d NYG $d NST $d CU-S $d CU-EERC
042       $a nsdp $a lc
050  00   $a TA658.44 $b .A25
082       $a 624/.176
210  0    $a Abstr. j. earthq. eng.
222   0   $a Abstract journal in earthquake engineering
245  00   $a Abstract journal in earthquake engineering.
260       $a Richmond, Calif., $b Earthquake Engineering Research Center, University of California.
265       $a Earthquake Engineering Research Center, University of California, 1301 South 46th St., Richmond, Calif., 94804
300       $a v. $c 26 cm.
362  1    $a Ceased with v. 26, issue 2 (April 1997)
362  0    $a v. 1-   1971-
500       $a EERC OCLC PE.
580       $a Continued by the online publication, Earthquake engineering abstracts.
650   0   $a Earthquakes $v Abstracts $v Periodicals.
650   0   $a Earthquake engineering $v Bibliography $v Periodicals.
650   0   $a Earthquake engineering $v Abstracts $v Periodicals.
650   0   $a Buildings $x Earthquake effects $v Abstracts $v Periodicals.
650   0   $a Structural design $v Abstracts $v Periodicals.
650   0   $a Buildings $x Earthquake effects $v Bibliography $v Periodicals.
650   0   $a Structural design $v Bibliography $v Periodicals.
650   0   $a Earthquakes $v Bibliography $v Periodicals.
710  2    $a University of California, Berkeley. $b Earthquake Engineering Research Center
730  0    $a Earthquake engineering abstracts.
850       $a AAP $a CU-I $a CU-S $a CaBVa $a CaOOG $a DLC $a FU $a KMK $a MChB $a MdU $a N $a NjR $a OkU $a PPiC $a RPB-S $a TxDaM $a UPB
852       $a QCE $b QCEA $j 400 A25 $3 v. 1 (1971)-v. 26, issue 2 (April 1997)
901       $a QCE $b 01719080

Record 17
