LDR  01193cas  2200265Ia 45  
001  994153
005  19890721194300.0
008  810901d19341966cauqr p   a  f0uuua0eng d
040       $a CU-Riv $c CU-Riv $d OCoLC $d CU-EERC
043       $a n-usp--
086  0    $a I 19.69
245  00   $a Abstracts of earthquake reports for the Pacific Coast and the Western Mountain Region / $c U.S. Department of Commerce, Environmental Services Administration, Coast and Geodetic Survey.
246  10   $a Earthquake reports for the Pacific Coast and Western Mountain Region.
260  01   $a San Francisco, Calif. : $b U.S. Coast and Geodetic Survey, $c 1934-1966.
300       $a 132 no. ; $c 28 cm.
310       $a Quarterly
362  0    $a [MSA 1] (Jan.-Mar. 1934)-MSA 132 (Oct.-Dec. 1966)
500       $a EERC OCLC PE.
650   0   $a Earthquakes $z Western Mountain Region $x Periodicals.
650   0   $a Earthquakes $z Pacific Coast $x Periodicals.
710  20   $a U.S. Coast and Geodetic Survey
780  00   $a Abstracts of earthquake reports for California and western Nevada
785  00   $t Abstracts of earthquake reports for the United States $w (OCoLC) 4270475
852       $a QCE $b QCEA $j 380.1 U818 no.MSA $3 MSA 1 (1934)-MSA 132 (1966)
901       $a QCE $b 07718780

Record 18
