LDR  00565cam  2200181Ia 45  
001  11357143
005  19990212172900.0
008  810812s1976    inua          000 0 eng d
040       $a MWU $c MWU $d WAU $d CU-MZ
245  00   $a 200 years of surgery : $b milestones in American medicine.
260       $a [Indianapolis] : $b Eli Lilly, $c c1976.
300       $a [44] p. : $b ill. ; $c 28 cm.
500       $a MT ZION OCLC MONO.
650   0   $a Surgery $x History.
650   2   $a Surgery $x history $z United States
740  01   $a Milestones in American medicine.
852       $a HMF $b HMFH $j HOM Eli
901       $a HMF $b 07662457

Record 19
