LDR  01424cam  2200265Ia 45  
001  12549789
005  20000905191955.0
008  990224s1998    dcu           001 0 eng d
040       $a MAL $c MAL $d CWS $d OUB $d COU $d JYJ $d CU-MZ
245  00   $a 270 ways to put your talent to work in the health field.
246  3    $a Two hundred seventy ways to put your talent to work in the health field
246  3    $a Two hundred and seventy ways to put your talent to work in the health field
246  0    $i At head of title: $a National Health Council presents
260       $a Washington, DC : $b National Health Council, $c c1998.
300       $a vii, 130 p. ; $c 28 cm.
500       $a MT ZION OCLC MONO.
505  2    $a Clinical laboratory services -- Dentistry -- Dietetics and nutrition -- Emergency medicine -- Health information and communication -- Health service administrator -- Medical careers -- Mental and social health -- Nursing -- Pharmacy -- Public health -- Science and engineering -- Technical instrumentation -- Therapy and rehabilitation -- Veterinary medicine -- Vision care -- Health careers in the armed forces -- Alternative medicine.
650   0   $a Public health $x Vocational guidance.
650   0   $a Medicine $x Vocational guidance.
650   0   $a Nursing $x Vocational guidance.
650   2   $a Health Occupations
650   2   $a Career Choice
710  2    $a National Health Council (U.S.)
852       $a HMF $b HMFR $j W 21 T974 1998
901       $a HMF $b 40851118

Record 20
