LDR  00552cas  2200193M  45  
001  813
005  19991203133320.0
008  751101c19729999mdumr p       0    0eng u
040       $c MUL $d OCoLC $d NLM $d CU-MZ
069  1    $a A02835000
245  00   $a Accel.
260       $a Bethesda, Md., $b American College of Cardiology.
362  0    $a v. 4, no. 10-   1972-
500       $a MT ZION OCLC PE.
650   2   $a Cardiovascular disease $x periodicals.
710  2    $a American College of Cardiology
780  00   $t Access
852       $a HMF $b HMFP $j Journals $3 Latest 5 years
901       $a HMF $b 01779056

Record 21
