LDR  01381cas  2200445 a 45  
001  1163842
005  19941219152714.0
008  910211c19919999paubr1p       0   a0eng d
010       $a    93642454  $z sn 91034736 
012       $a 2 $i 9309 $l y
022  0    $a 1056-8751 $y 0003-4819
030       $z AIMEAS
040       $a NYG $c NYG $d NLM $d NSD $d ELM $d NST $d AGL $d NST $d DLC $d NLM $d CU-MZ
042       $a lc $a nsdp
050  00   $a R11 $b .A13
060  00   $a ZW 1 $b A185
069  1    $a SR0070319
069  0    $a 9104824
070  0    $a R11.A52
072   0   $a X380
082  00   $a 616/.005 $2 20
210  0    $a ACP j. club
212  0    $a American College of Physicians journal club
222   0   $a ACP journal club
245  00   $a ACP journal club.
260       $a Philadelphia, Penn. : $b American College of Physicians, $c c1991-
300       $a v. ; $c 28 cm.
310       $a Bimonthly
362  0    $a Vol. 114, suppl. 1 (Jan./Feb. 1991)-
500       $a MT ZION OCLC PE.
510  2    $a Index medicus $x 0019-3879 $b Jan.-Feb. 1994-
650   0   $a Internal medicine $x Periodicals.
650   2   $a Review Literature.
650   2   $a Medicine $x abstracts.
710  20   $a American College of Physicians
730  00   $a Annals of internal medicine.
772  0    $t Annals of internal medicine $x 0003-4819 $w (DLC)   43032966 $w (OCoLC)1481385
852       $a HMF $b HMFP $j Journals $3 v. 114, 1991-
890       $a ACP journal club.
901       $a HMF $b 23085040

Record 22
