LDR  00874nam  2200205Ia 45  
001  8369241
005  19930611160322.0
008  930611s1987    gw a     b    000 0 ger d
040       $a CRL $c CRL
245  00   $a 1. Statusbericht MAW- und HTR-BE-Versuchseinlagerung in Bohrlèochern : $b 10. und 11. Dezember 1986 Kernforschungsanlage Jèulich / $c herausgegeben von E. Barnert.
260       $a Jèulich : $b Zentralbibliothek der Kernforschungsanlage Jèulich GmbH, $c 1987.
300       $a 224 p. : $b ill. (some col.) ; $c 30 cm.
440   0   $a Berichte der Kernforschungsanlage Jèulich. $p Jèul-Conf, $x 0344-5798 ; $v 60
500       $a CRL OCLC MONO.
700  10   $a Barnert, E.
740  01   $a Erster Statusbericht.
740  01   $a Statusbericht MAW- und HTR-BE-Versuchseinlagerung in Bohrlèochern.
740  01   $a MAW- und HTR-BE-Versuchseinlagerung in Bohrlèochern.
852       $a CRL $b CRLL $j E-8855
901       $a CRL $b 28261611

Record 23
