LDR  00470nam  2200145K  45  
001  6044356
005  19900106113910.0
008  900104s1848    fr            00000 fre d
040       $a CRL $c SER $d CRL
245  00   $a 1áere lettre du citoyen Victor Letellier, fondateurrâedacteur en chef de l'Impitoyable, $b journal de tous les abus publics, au gâenâeral Cavaignac.
260  1    $a Paris, $c 1848.
300       $a 2 p.
500       $a CRL OCLC MONO.
852       $a CRL $b CRLL $j F-1642:44
901       $a CRL $b 20843088

Record 24
