LDR  00811cas  2200301 a 45  
001  1584652
005  19941130101843.0
008  841017u19809999ii qr p       0   z0tamr 
010       $a    81910334 /SA
012       $a 4 $i 9305
025       $a PL480:I-D-T-148
040       $a DLC $c DLC $d CRL
042       $a lc
050  00   $a PL4758.45 $b .A15
245  00   $a 1/4.
246  13   $a Kåalåaònòtu itaöl
246  13   $a Malarmaönönan veòliyåiòtu
246  13   $a Malarmannan veliyeedu
260       $a Madras : $b Malarmannan, $c [1980-
300       $a v. ; $c 26 cm.
310       $a Quarterly
362  0    $a I, i (Jåulai/Cepòtampar 1980)-
500       $a CRL OCLC PE.
546       $a In Tamil.
650   0   $a Tamil literature $x Periodicals.
852       $a CRL $b CRLS $3 v. 1, no. 1, 3-4 (July/Sept. 1980-Oct./Dec. 1981)
890       $a 1/4.
901       $a CRL $b 11275775

Record 25
