LDR  01323nam  2200313Ia 45  
001  8742060
005  19931007212738.0
008  931007s1989    caua    rb   l001 0 spa d
040       $a CSFA $c CSFA
041  1    $a spa $h eng
043       $a n-us-ca
240  00   $a 4th R. $l Spanish
245  00   $a 4th R : $b un plan de estudio en reciclaje : para niveles de kinder a 5o grado / $c desarrollado por maestros escolares de San Francisco ; patrocinado por San Francisco Recycling Program ; [editores, Martin Strauss, Rosanne Werges ; traductor, Josâe Serrano ; editora, Ada Whaler].
260       $a [San Francisco, Calif.] : $b The Program, $c [1989?]
300       $a v, 86 p. : $b ill. ; $c 30 cm.
500       $a CAS OCLC MONO.
500       $a Translation of: 4th R : recycling curriculum : K thru 5th grade.
504       $a Includes bibliographical references (p. 85) and index.
533       $a Photocopy.
650   0   $a Recycling (Waste, etc.) $x Study and teaching (Primary) $z California.
650   0   $a Refuse and refuse disposal $x Study and teaching (Primary) $z California.
700  10   $a Strauss, Martin.
700  10   $a Werges, Rosanne.
700  10   $a Whaler, Ada.
710  20   $a San Francisco Recycling Program.
740  01   $a Fourth R.
740  01   $a Plan de estudio en reciclaje.
852       $a CAW $b CAWR $h TD794.5 $i .A1518 1989a $x pub. gift
901       $a CAW $b 28956193

Record 28
