LDR  00905nas  2200217Ia 45  
001  828067
005  19891226202855.0
008  891004c19889999caufr p       0uuua0eng d
040       $a CU-S $c CU-S $d CSFA
043       $a n-us-ca
245  00   $a A'lul'quoy / $c Channel Islands National Marine Sanctuary & The Sea Center of the Santa Barbara Museum of Natural History.
260  00   $a Santa Barbara, Calif. : $b Channel Islands National Marine Sanctuary, $c 1988-
300       $a v. : $b ill. ; $c 28 cm.
362  0    $a Vol. 1, no. 1 (spring 1988)-
500       $a CAS OCLC PE.
650   0   $a Natural history $z California $z Santa Barbara Channel $x Periodicals.
650   0   $a Marine biology $z California $z Santa Barbara Channel $x Periodicals.
710  20   $a Santa Barbara Museum of Natural History. $b Sea Center
710  20   $a Channel Islands National Marine Sanctuary (U.S.)
852       $a CAW $b CAWA $h QH104.5.P32 $i A48 $x exch. $3 1:1-
901       $a CAW $b 20438595

Record 29
