LDR  01834nam  2200289La 45  
001  12558316
005  20000617121512.0
008  000119s1999    ja a     b    100 0 eng d
040       $a WG9 $c WG9 $d CSfH
041  0    $a engjpn
043       $a a-ja--- $a u-at--- $a n-us---
245  00   $a 5th comparative law and politics symposium : a celebration of the 5th anniversary of the ICCLP : 26 November 1998 / $c International Center for Comparative Law and Politics, Graduate School of Law and Politics, The University of Tokyo.
246  30   $a Celebration of the 5th anniversary of the ICCLP
246  3    $a Tåokyåo Daigaku Daigakuin Håogaku Seijigaku Kenkyåuka Fuzoku Hikaku Håosei Kokusai Sentåa setsuritsu 5-shåunen kinen shinpojiumu håokokushåu
260       $a Tåokyåo : $b Tåokyåo Daigaku Daigakuin Håogaku Seijigaku Kenkyåuka Fuzoku Hikaku Håosei Kokusai Sentåa, $c 1999.
300       $a 48 p. : $b ill. ; $c 26 cm.
500       $a HASTINGS OCLC MONO.
504       $a Includes bibliographical references.
505  2    $a Foreword / Noboru Kashiwagi -- Order and governance in the post-cold war era / Glenn D. Hook -- Commercial and consumer contracts : current issues in Japan and Australia consumer contracts and unconscionability / Malcolm D.H. Smith -- Consuming contracts : the Australian paradigm / Veronica L. Taylor -- Legislative trends in Japanese consumer contracts law : Australia compared / Seiichi Ochiai -- "Judicial activism" in the United States and Japan / Daniel H. Foote.
546       $a In English and Japanese.
610  20   $a Tåokyåo Daigaku. $b Håogaku Seijigaku Kenkyåuka. $b Hikaku Håosei Kokusai Sentåa.
650   0   $a Law $z Japan.
650   0   $a Law $z Australia.
650   0   $a Law $z United States.
710  2    $a Tåokyåo Daigaku. $b Håogaku Seijigaku Kenkyåuka. $b Hikaku Håosei Kokusai Sentåa.
852       $a CUH $b CUH5 $h K555 $i .C65 1999
901       $a CUH $b 43447021

Record 31
