LDR  00957cam  2200277 a 45  
001  10006138
005  19960703145146.0
008  941207s1995    enk      b    001 0 eng  
010       $a    94047354 
015       $a GB95-46019
020       $a 1855215071
040       $a DLC $c DLC $d UKM $d CSfH
050  00   $a K656 $b .A15 1995
100  1    $a 6, Perri, $d 1960-
245  10   $a Liberty, charity, and politics : $b non-profit law and freedom of speech / $c Perri 6 and Anita Randon.
260       $a Aldershot : $b Brookfield, USA : $b Dartmouth, $c c1995.
300       $a viii, 230 p. ; $c 23 cm.
500       $a HASTINGS OCLC MONO.
650   0   $a Nonprofit organizations $x Law and legislation.
650   0   $a Nonprofit organizations $x Political activity.
650   0   $a Charity laws and legislation.
650   0   $a Charitable uses, trusts, and foundations $x Political activity.
650   0   $a Freedom of speech.
700  1    $a Randon, Anita.
852       $a CUH $b CUH5 $h K656 $i .A15 1995
901       $a CUH $b 31782882

Record 32
