LDR  00436nam  2200157   45  
001  994209
005  20011025000000.0
008         1979                        eng  
010       $a    79005070 
100  10   $a Abbott, George C.
245  10   $a International indebtedness and the developing countries
260       $a London, Eng $b Croom Helm $c 1979
300       $a 312p
500       $a GIA LS MONO.
852       $a GIA $b NRLF $j HJ8899/D4A2 $p B 4 293 426
901       $a GIA $b 2901

Record 35
