LDR  00471nam  2200157ba 45  
001  2064017
005  19930402000000.0
008         1955                        eng  
010       $a    55007945 
100  10   $a Abbott, Lawrence, 1902-
245  00   $a Quality and competition; an essay in economic theory / $c by Lawrence Abbott
260  00   $a New York $b Columbia university press $c 1955
300       $a 229p
500       $a GIA LS MONO.
852       $a GIA $b NRLF $h HB771 $i A2 $p B 3 428 044
901       $a GIA $b 159

Record 36
