LDR  00684cam  2200229   45  
001  1368510
005  19900603000000.0
008  791120s1970    mau      b    00000 eng  
010       $a    70028260
035       $a (CStRLIN)12997013-B
040       $c CU-AL
043       $a n-us---
050  0    $a HD5124 $b .F68
245  00   $a 4 days, 40 hours; reporting a revolution in work and leisure. $c Edited by Riva Poor. Foreword by Paul A. Samuelson
260  0    $a Cambridge, Mass., $b Bursk and Poor Pub., $c 1970
300       $a 175 p. $c 22 cm
350       $a $5.00
500       $a UCD LAW III MONO.
650   0   $a Four-day week $z United States.
700  10   $a Poor, Riva.
852       $a DLB $b stx $j HD5124.F68
901       $a DLB $b 108961

Record 37
