LDR  00950nam  2200277 a 45  
001  10006138
005  19960801000000.0
008  960718s1995    enk      b    001 0 eng  
010       $a    94047354 
020       $a 1855215071
035       $a (CStRLIN)96-B1328
040       $a DLC $c DLC $d DLC
050  00   $a K656 $b .A15 1995
100  1    $a 6, Perri, $d 1960-
245  10   $a Liberty, charity, and politics : $b non-profit law and freedom of speech / $c Perri 6 and Anita Randon
260       $a Aldershot : $b Brookfield, USA : $b Dartmouth, $c c1995
300       $a viii, 230 p. ; $c 23 cm
500       $a UCD LAW III MONO.
650   0   $a Nonprofit organizations $x Law and legislation.
650   0   $a Nonprofit organizations $x Political activity.
650   0   $a Charity laws and legislation.
650   0   $a Charitable uses, trusts, and foundations $x Political activity.
650   0   $a Freedom of speech.
700  1    $a Randon, Anita.
852       $a DLB $b stx $h K656 $i .A15 1995
901       $a DLB $b 196331

Record 38
