LDR  00787nas  2200241 a 45  
001  1530946
005  20010628000000.0
008  871203d19271927mduzr    w    0uuua0eng d
035       $a (CStRLIN)87-S150
040       $a NIC $c NIC $d CLL $d CU-AL
043       $a n-us---
212  0    $a Five year digest of American maritime cases
245  00   $a 5-year digest of American maritime cases
246  00   $a Digest of American maritime cases
260  00   $a Baltimore : $b American Maritime Cases, inc., $c 1928
300       $a 1 v. : $b port. ; $c 24 cm
310       $a Quinquennial
362  0    $a 1st (1923-1927)
500   0   $a UCD LAW III PE.
730  01   $a American maritime cases
785  00   $t 5-year index-digest of American maritime cases ..., A.M.C
852       $a DLB $b stx $h KF1100.A2 $i A44 $3 1st, 1923-1927.
901       $a DLB $b 166010

Record 39
