LDR  00867nas  2200253 a 45  
001  1089545
005  19930323000000.0
008  871203c19329999mduzr    w    0uuua0eng d
035       $a (CStRLIN)87-S149
040       $a C-L $c C-L $d NIC $d CLL $d CU-AL
043       $a n-us---
212  0    $a Five-year index-digest of American maritime cases
245  00   $a 5-year index-digest of American maritime cases
246  00   $a Index-digest of American maritime cases
260  00   $a Baltimore : $b American Maritime Cases. Inc., $c 1933-
300       $a v. ; $c 24 cm
310       $a Quinquennial
362  0    $a 2nd (1928-1932)-
500       $a UCD LAW III PE.
650   0   $a Maritime law $z United States $x Digests
730  01   $a American maritime cases
780  00   $t 5-year digest of American maritime cases
852       $a DLB $b stx $h KF1100.A2 $i A44 $z Shared purchase. $3 2nd-13th, 1928/32-1983/87--
901       $a DLB $b 166009

